% This file was created with JabRef 2.3.1.
% Encoding: UTF-8

@MISC{introduccion1,
  author = {01},
  title = {\href{https://blog.caixabank.es/blogcaixabank/2017/04/la-historia-de-la-bolsa-como-empezo-todo.html}{https://blog.caixabank.es/blogcaixabank/2017/04/la-historia-de-la-bolsa-como-empezo-todo.html}},
  Note = {fecha de consulta: 10 de Marzo de 2019},
}
@MISC{introduccion2,
  author = {02},
  title = {\href{https://itnext.io/2017s-deep-learning-papers-on-investing-7489e8f59487}{https://itnext.io/2017s-deep-learning-papers-on-investing-7489e8f59487}},
  Note = {fecha de consulta: 10 de Marzo de 2019},
}
@MISC{motivacion,
  author = {03},
  title = {\href{https://spark.apache.org/powered-by.html}{https://spark.apache.org/powered-by.html}},
  Note = {fecha de consulta: 10 de Marzo de 2019},
}
@MISC{forex1,
  author = {04},
  title = {\href{https://www.oracle.com/es/big-data/guide/what-is-big-data.html}{https://www.oracle.com/es/big-data/guide/what-is-big-data.html}},
  Note = {fecha de consulta: 10 de Marzo de 2019},
}
@MISC{bigdata1,
  author = {05},
  title = {\href{https://www.oracle.com/es/big-data/guide/what-is-big-data.html}{https://www.oracle.com/es/big-data/guide/what-is-big-data.html}},
  Note = {fecha de consulta: 10 de Marzo de 2019},
}
@MISC{bigdata2,
  author = {06},
  title = {\href{https://www.deltastock.com/spain/instruments/forex-list.asp}{https://www.deltastock.com/spain/instruments/forex-list.asp}},
  Note = {fecha de consulta: 10 de Marzo de 2019},
}
@MISC{deep1,
  author = {07},
  title = {\href{https://en.wikipedia.org/wiki/Artificial\textunderscore neural\textunderscore network}{https://en.wikipedia.org/wiki/Artificial\textunderscore neural\textunderscore network}},
  Note = {fecha de consulta: 10 de Marzo de 2019},
}
@MISC{deep2,
  author = {08},
  title = {\href{https://es.wikipedia.org/wiki/Serie\textunderscore temporal}{https://es.wikipedia.org/wiki/Serie\textunderscore temporal}},
  Note = {fecha de consulta: 10 de Marzo de 2019},
}
@MISC{deep3,
  author = {09},
  title = {\href{http://www.redes-neuronales.com.es/tutorial-redes-neuronales/el-perceptron-multicapa.htm}{http://www.redes-neuronales.com.es/tutorial-redes-neuronales/el-perceptron-multicapa.htm}},
  Note = {fecha de consulta: 10 de Marzo de 2019},
}
@MISC{deep4,
  author = {10},
  title = {\href{https://es.wikipedia.org/wiki/Convoluci\%C3\%B3n}{https://es.wikipedia.org/wiki/Convoluci\%C3\%B3n}},
  Note = {fecha de consulta: 10 de Marzo de 2019},
}
@MISC{spark1,
  author = {11},
  title = {\href{https://spark.apache.org/docs/latest/index.html}{https://spark.apache.org/docs/latest/index.html}},
  Note = {fecha de consulta: 10 de Marzo de 2019},
}
@MISC{spark2,
  author = {12},
  title = {\href{https://spark.apache.org/docs/latest/sql-programming-guide.html}{https://spark.apache.org/docs/latest/sql-programming-guide.html}},
  Note = {fecha de consulta: 10 de Marzo de 2019},
}
@MISC{spark3,
  author = {13},
  title = {\href{https://spark.apache.org/docs/latest/structured-streaming-programming-guide.html}{https://spark.apache.org/docs/latest/structured-streaming-programming-guide.html}},
  Note = {fecha de consulta: 10 de Marzo de 2019},
}

@MISC{tensorflow,
  author = {14},
  title = {\href{https://www.tensorflow.org/}{https://www.tensorflow.org/}},
  Note = {fecha de consulta: 11 de Marzo de 2019},
}

@MISC{kafka,
  author = {15},
  title = {\href{https://kafka.apache.org/documentation/}{https://kafka.apache.org/documentation/}},
  Note = {fecha de consulta: 18 de Marzo de 2019},
}

@MISC{dash,
  author = {16},
  title = {\href{https://dash.plot.ly}{https://dash.plot.ly}},
  Note = {fecha de consulta: 18 de Marzo de 2019},
}


@comment{jabref-meta: selector_publisher:}

@comment{jabref-meta: selector_author:}

@comment{jabref-meta: selector_journal:}

@comment{jabref-meta: selector_keywords:}

